<record><leader>00000cas a22000007a 4500</leader><controlfield tag="001">12210652</controlfield><controlfield tag="007">hd afu---buca</controlfield><controlfield tag="008">850628c19039999ohudr nea     0    0eng d</controlfield><datafield ind1=" " ind2=" " tag="010"><subfield code="a">sn 91025520 </subfield></datafield><datafield ind1=" " ind2=" " tag="040"><subfield code="a">MUU</subfield><subfield code="b">eng</subfield><subfield code="c">MUU</subfield><subfield code="d">HUL</subfield><subfield code="d">OCLCQ</subfield></datafield><datafield ind1=" " ind2=" " tag="012"><subfield code="i">9003</subfield></datafield><datafield ind1=" " ind2=" " tag="037"><subfield code="b">The Mobile Press Register, P.O. Box 2488, Mobile, Ala. 36630</subfield></datafield><datafield ind1=" " ind2=" " tag="042"><subfield code="a">msc</subfield></datafield><datafield ind1="0" ind2="4" tag="245"><subfield code="a">The Mobile register</subfield><subfield code="h">[microform].</subfield></datafield><datafield ind1="3" ind2="0" tag="246"><subfield code="a">Mobile Sunday register</subfield></datafield><datafield ind1="3" ind2="0" tag="246"><subfield code="a">Mobile press register</subfield></datafield><datafield ind1="1" ind2="7" tag="246"><subfield code="a">Daily register</subfield></datafield><datafield ind1="3" ind2="0" tag="246"><subfield code="a">Mobile daily register</subfield></datafield><datafield ind1="3" ind2="0" tag="246"><subfield code="a">Mobile county register</subfield></datafield><datafield ind1=" " ind2=" " tag="260"><subfield code="a">Mobile, Ala. :</subfield><subfield code="b">Register Co.,</subfield><subfield code="c">1903-</subfield></datafield><datafield ind1=" " ind2=" " tag="300"><subfield code="a">v. :</subfield><subfield code="b">ill. ;</subfield><subfield code="c">55 cm.</subfield></datafield><datafield ind1=" " ind2=" " tag="310"><subfield code="a">Daily,</subfield><subfield code="b">Feb. 15, 1904-</subfield></datafield><datafield ind1=" " ind2=" " tag="321"><subfield code="a">Daily (except Mon.),</subfield><subfield code="b">May 26, 1903-Feb. 14, 1904</subfield></datafield><datafield ind1="0" ind2=" " tag="362"><subfield code="a">Vol. 83, no. 100 (May 26, 1903)-</subfield></datafield><datafield ind1=" " ind2=" " tag="500"><subfield code="a">On Sunday published as Mobile Sunday register, May 7, 1911-Feb. 14, 1932; as Mobile press register, Feb. 14, 1932-&lt;July 15, 1984&gt;</subfield></datafield><datafield ind1=" " ind2=" " tag="525"><subfield code="a">Supplements accompany some numbers.</subfield></datafield><datafield ind1=" " ind2=" " tag="533"><subfield code="a">Microfilm.</subfield><subfield code="b">Wooster, Ohio :</subfield><subfield code="c">Micro Photo Division, Bell &amp; Howell,</subfield><subfield code="e">microfilm reels ; 35 mm.</subfield></datafield><datafield ind1=" " ind2=" " tag="752"><subfield code="a">United States</subfield><subfield code="b">Alabama</subfield><subfield code="c">Mobile</subfield><subfield code="d">Mobile.</subfield></datafield><datafield ind1="0" ind2="0" tag="780"><subfield code="t">Daily register (Mobile, Ala.)</subfield><subfield code="w">(DLC)sn 90024757</subfield><subfield code="w">(OCoLC)12210519</subfield></datafield><datafield ind1=" " ind2=" " tag="850"><subfield code="a">MH</subfield></datafield><datafield ind1="1" ind2=" " tag="029"><subfield code="a">AU@</subfield><subfield code="b">000025871781</subfield></datafield></record>